% This file was created with JabRef 2.10.
% Encoding: UTF-8


@Book{ahlfors:complex_analysis:1979,
  Title                    = {Complex Analysis},
  Author                   = {Lars V. Ahlfors},
  Publisher                = {Mc Graw Hill Education},
  Year                     = {1979},
  Edition                  = {Third Edition}
}

@Book{bourbaki:general_topology:1995,
  Title                    = {General Topology - Chapters 1-4},
  Author                   = {Nicolas Bourbaki},
  Publisher                = {Springer-Verlag Berlin Heidelberg},
  Year                     = {1995},
  Edition                  = {Elements of Mathematics}
}

@Book{aliprantis:principles_of_real_analysis:1998,
  Title                    = {Principles of Real Analysis},
  Author                   = {Charalambos D. Aliprantis \and Owen Burkinshaw},
  Publisher                = {Academic Press},
  Year                     = {1998},
  Edition                  = {Third Edition}
}

@Book{cohn:measure_theory:2013,
  Title                    = {Measure Theory},
  Author                   = {Donald L. Cohn},
  Publisher                = {Springer},
  Year                     = {2013},
  Edition                  = {Second edition}
}

@Book{elstrodt:mass:2011,
  Title                    = {Mass- und Integrationstheorie},
  Author                   = {J\"urgen Elstrodt},
  Publisher                = {Springer Verlag},
  Year                     = {2011},
  Edition                  = {7.,korrigierte und aktualisierte Auflage}
}

@Book{engelking:general_topology:1989,
  Title                    = {General Topology},
  Author                   = {Ryszard Engelking},
  Publisher                = {Heldermann Verlag},
  Year                     = {1989},
  Edition                  = {Revised and completed edition}
}

@Book{fischer:lineare_algebra:2014,
  Title                    = {Lineare Algebra - Eine Einf\"uhrung f\"ur Studienanf\"anger},
  Author                   = {Gerd Fischer},
  Publisher                = {Springer Spektrum},
  Year                     = {2014},
  Series                   = {Grundkurs Mathematik},

  Owner                    = {ybaehn},
  Timestamp                = {2017.08.23}
}

@Book{folland:real_analysis:1999,
  Title                    = {Real Analysis},
  Author                   = {Gerald B. Folland},
  Publisher                = {John Wiley \& Sons, Inc.},
  Year                     = {1999},
  Edition                  = {Second Edition}
}

@Book{fulton:algebraic_topology:1995,
  Title                    = {Algebraic Topology - A first Course},
  Author                   = {William Fulton},
  Publisher                = {Springer Science + Business Media, Inc.},
  Year                     = {1995},
  Series                   = {Graduate Texts in Mathematics},

  Owner                    = {ybaehn},
  Timestamp                = {2017.05.06}
}

@Book{gamelin:complex_analysis:2001,
  Title                    = {Complex Analysis},
  Author                   = {Theodore W. Gamelin},
  Publisher                = {Springer},
  Year                     = {2001}
}

@Book{grafakos:fourier:2014,
  Title                    = {Classical Fourier Analysis},
  Author                   = {Loukas Grafakos},
  Publisher                = {Springer Science + Business Media New York},
  Year                     = {2014},
  Edition                  = {Third Edition}
}

@Book{grillet:abstract_algebra:2007,
  Title                    = {Abstract Algebra},
  Author                   = {Pierre Antoine Grillet},
  Publisher                = {Springer Science + Business Media, LLC},
  Year                     = {2007},
  Series                   = {Graduate Texts in Mathematics},

  Owner                    = {ybaehn},
  Timestamp                = {2017.04.27}
}

@Book{karpfinger:algebra:2013,
  Title                    = {Algebra Gruppen - Ringe - K\"orper},
  Author                   = {Karpfinger, Christian and Meyberg, Kurt},
  Publisher                = {Springer Spektrum},
  Year                     = {2013},
  Edition                  = {3. Auflage},

  Owner                    = {ybaehn},
  Timestamp                = {2017.08.04}
}

@Book{lane:cat:1971,
  Title                    = {Categories for the Working Mathematician},
  Author                   = {Saunders Mac Lane},
  Publisher                = {Springer Science + Business Media New York},
  Year                     = {1971},
  Edition                  = {Second Edition},
  Series                   = {Graduate Texts in Mathematics},
  Volume                   = {5},

  Owner                    = {ybaehn},
  Timestamp                = {2017.08.01}
}

@Book{lang:complex_analysis:1993,
  Title                    = {Complex Analysis},
  Author                   = {Serge Lang},
  Publisher                = {Springer-Verlag},
  Year                     = {1993},
  Edition                  = {Third Edition}
}

@Book{lee:smooth_manifolds:2013,
  Title                    = {Introduction to Smooth Manifolds},
  Author                   = {John M. Lee},
  Publisher                = {Springer},
  Year                     = {2013},
  Edition                  = {Second Edition},
  Series                   = {Graduate Texts in Mathematics}
}

@Book{lee:topological_manifolds:2011,
  Title                    = {Introduction to Topological Manifolds},
  Author                   = {John M. Lee},
  Publisher                = {Springer Science+Business Media},
  Year                     = {2011},
  Edition                  = {Second Edition}
}

@Book{lee:Riemannian_manifolds:1997,
  Title                    = {Riemannian Manifolds - An Introduction to Curvature},
  Author                   = {John M. Lee},
  Publisher                = {Springer},
  Year                     = {1997}
}

@Book{wong:weyl_transforms:1998,
  Title                    = {Weyl Transforms},
  Author                   = {M.W.Wong},
  Publisher                = {Springer},
  Year                     = {1998}
}

@Book{munkres:topology:2000,
  Title                    = {Topology},
  Author                   = {James R. Munkres},
  Publisher                = {Prentice Hall},
  Year                     = {2000},
  Edition                  = {Second edition}
}

@Book{rudin:rc_analysis:1987,
  Title                    = {Real and Complex Analysis},
  Author                   = {Walter Rudin},
  Publisher                = {McGraw-Hill Book Company},
  Year                     = {1987},
  Edition                  = {Third Edition}
}

@Book{dasilva:symplectic:2008,
  Title                    = {Lectures on Symplectic Geometry},
  Author                   = {Ana Cannas da Silva},
  Publisher                = {Springer-Verlag Berlin Heidelberg},
  Year                     = {2008},
  Number                   = {1764},
  Series                   = {Lecture Notes in Mathematics},

  Owner                    = {ybaehn},
  Timestamp                = {2017.08.23}
}

@Book{spivak:calculus:1994,
  Title                    = {Calculus},
  Author                   = {Michael Spivak},
  Publisher                = {Cambridge University Press},
  Year                     = {1994},
  Edition                  = {Third Edition},

  Owner                    = {ybaehn},
  Timestamp                = {2017.05.27}
}

@Book{rao:complex_analysis:1991,
  Title                    = {Complex Analysis - An Invitation},
  Author                   = {Murali Rao \and Henrik Stetk{\ae}r},
  Publisher                = {World Scientific},
  Year                     = {1991}
}

@Book{weisstein2002crc,
  Title                    = {CRC Concise Encyclopedia of Mathematics, Second Edition},
  Author                   = {Weisstein, E.W.},
  Publisher                = {CRC Press},
  Year                     = {2002},

  ISBN                     = {9781420035223}
}

@Book{werner:funktionalanalysis:2011,
  Title                    = {Funktionalanalysis},
  Author                   = {Dirk Werner},
  Publisher                = {Springer},
  Year                     = {2011},
  Edition                  = {7., korrigierte und erweiterte Auflage}
}

@Book{zorich:analysis_I:2004,
  Title                    = {Mathematical Analysis I},
  Author                   = {Vladimir A. Zorich},
  Publisher                = {Springer-Verlag Berlin Heidelberg},
  Year                     = {2004}
}

@Unpublished{cattaneo:manifolds:2017,
  Title                    = {Notes on Manifolds},
  Author                   = {Alberto S. Cattaneo},

  Month                    = {May},
  Year                     = {2017},

  Owner                    = {ybaehn},
  Timestamp                = {2017.06.08},
  Url                      = {http://user.math.uzh.ch/cattaneo/manifoldsFS15.pdf}
}

